@inproceedings{Wang2009Multiscale,
    author = {Wang, Chang and Mahadevan, Sridhar},
    booktitle = {Proceedings of the 21st International Joint Conference on Artificial Intelligence (IJCAI)},
    title = {Multiscale analysis of document corpora based on diffusion models},
    year = {2009}
}

@article{Mahadevan2006Value,
    author = {Mahadevan, Sridhar and Maggioni, Mauro},
    journal = {Advances in Neural Information Processing Systems (NIPS)},
    title = {Value function approximation with diffusion wavelets and {L}aplacian eigenfunctions},
    year = {2006}
}

@article{Coifman06Diffusion,
    author = {Coifman, R. and Maggioni, M.},
    journal = {Applied and Computational Harmonic Analysis},
    title = {Diffusion wavelets},
    year = {2006}
}

@article{Dhillon07weightedgraph,
    author = {Inderjit S. Dhillon and Yuqiang Guan and Brian Kulis},
    title = {Weighted graph cuts without eigenvectors : a multilevel approach},
    journal = {IEEE Transactions on Pattern Analysis and Machine Intelligence},
    year = {2007}
}

@inproceedings{Silver2007Shape,
 author = {Silver, David and Sutton, Richard and M\"{u}ller, Martin},
 title = {Reinforcement learning of local shape in the game of {G}o},
 booktitle = {Proceedings of the 20th International Joint Conference on Artifical Intelligence (IJCAI)},
 year = {2007}
} 

@book{Bellman1957Dynamic,
    author = {Bellman, Richard},
    title = {Dynamic programming},
    year = {1957}
}

@book{Chung1997Spectral,
  title={Spectral graph theory},
  author={Chung, F.R.K.},
  year={1997}
}

@techreport{Omohundro89Five,
    author = {Stephen M. Omohundro},
    title = {Five balltree construction algorithms},
    institution = {},
    year = {1989}
}

@article{whiteson2006evolutionary,
  title={Evolutionary function approximation for reinforcement learning},
  author={Whiteson, S. and Stone, P.},
  journal={The Journal of Machine Learning Research},
  year={2006}
}

@inproceedings{parr2007analyzing,
  title={Analyzing feature generation for value-function approximation},
  author={Parr, R. and Painter-Wakefield, C. and Li, L. and Littman, M.},
  booktitle={Proceedings of the 24th International Conference on Machine Learning (ICML)},
  year={2007}
}

@inproceedings{petrik2007analysis,
  title={An analysis of {L}aplacian methods for value function approximation in {MDP}s},
  author={Petrik, M.},
  booktitle={Proceedings of the International Joint Conference on Artificial Intelligence (IJCAI)},
  year={2007}
}

@inproceedings{mahadevan2006learning,
  title={Learning representation and control in continuous {M}arkov decision processes},
  author={Mahadevan, S. and Maggioni, M. and Ferguson, K. and Osentoski, S.},
  booktitle={Proceedings of the National Conference on Artificial Intelligence (AAAI)},
  year={2006}
}

@article{mahadevan2007proto,
  title={Proto-value functions : a {L}aplacian framework for learning representation and control in {M}arkov decision processes},
  author={Mahadevan, S. and Maggioni, M.},
  journal={Journal of Machine Learning Research},
  year={2007}
}

@inproceedings{johns2007compact,
  title={Compact spectral bases for value function approximation using {K}ronecker factorization},
  author={Johns, J. and Mahadevan, S. and Wang, C.},
  booktitle={Proceedings of the National Conference on Artificial Intelligence (AAAI)},
  year={2007}
}

@article{chung2005laplacians,
  title={{L}aplacians and the {C}heeger inequality for directed graphs},
  author={Chung, F.},
  journal={Annals of Combinatorics},
  year={2005}
}

@article{Enzenberger2010Fuego,
    author = {Enzenberger, Markus and M\"{u}ller, Martin and Arneson, Broderick and Segal, Richard},
    journal = {IEEE Transactions on Computational Intelligence and AI in Games (CIG)},
    title = {Fuego---an open-source framework for board games and {G}o engine based on {M}onte {C}arlo tree search},
    year = {2010}
}

